<?xml version="1.0" encoding="UTF-8"?><record xmlns="http://www.loc.gov/MARC21/slim" xmlns:cinclude="http://apache.org/cocoon/include/1.0" xmlns:zs="http://www.loc.gov/zing/srw/">
  <leader>00392nz  a2200133n  4500</leader>
  <controlfield tag="001">nb 97087381 </controlfield>
  <controlfield tag="003">DLC</controlfield>
  <controlfield tag="005">19971106051632.0</controlfield>
  <controlfield tag="008">971105n| acannaab|          |n aaa     c</controlfield>
  <datafield tag="010" ind1=" " ind2=" ">
    <subfield code="a">nb 97087381 </subfield>
  </datafield>
  <datafield tag="040" ind1=" " ind2=" ">
    <subfield code="a">Uk</subfield>
    <subfield code="c">Uk</subfield>
  </datafield>
  <datafield tag="100" ind1="1" ind2="0">
    <subfield code="a">James, P. J.,</subfield>
    <subfield code="d">1956-</subfield>
  </datafield>
  <datafield tag="670" ind1=" " ind2=" ">
    <subfield code="a">Non-governmental voluntary organisations, 1995:</subfield>
    <subfield code="b">t.p. (P.J. James)</subfield>
  </datafield>
  <datafield tag="670" ind1=" " ind2=" ">
    <subfield code="a">DK agency information, 1996:</subfield>
    <subfield code="b">(P. J. James, Born 1956)</subfield>
  </datafield>
</record>